@INPROCEEDINGS{hayes94, 
author={Hayes, J.H. and Dekhtyar, A. and Sundaram, S.K. and Howard, S.}, 
booktitle={Requirements Engineering Conference, 2004. Proceedings. 12th IEEE International}, 
title={Helping analysts trace requirements: an objective look}, 
year={2004}, 
pages={249-259}, 
keywords={formal verification;systems analysis;RETRO tool;analyst responsibilities;independent validation;independent verification;requirements definition;requirements tracing on-target;requirements validation;tracing tool;Computer aided software engineering;Computer errors;Computer science;Humans;Prototypes;Risk analysis;Risk management;Spine;System testing;Text analysis}, 
doi={10.1109/ICRE.2004.1335682}, 
ISSN={1090-705X}, 
month={Sept},}

@ARTICLE{hayesVSM06, 
author={Hayes, J.H. and Dekhtyar, A. and Sundaram, S.K.}, 
journal={Software Engineering, IEEE Transactions on}, 
title={Advancing candidate link generation for requirements tracing: the study of methods}, 
year={2006}, 
volume={32}, 
number={1}, 
pages={4-19}, 
keywords={formal specification;formal verification;software tools;RETRO tool;Requirements Tracing On-target tool;dynamic candidate link generation;independent validation analysis;independent verification analysis;Computer Society;Computer aided software engineering;Feedback;Helium;Information retrieval;Large scale integration;Prototypes;Risk analysis;Spine;System testing;Independent Validation and Verification (IV&V);LSI;Requirements tracing;TF-IDF;Verification and Validation (V&V);dynamic link generation;information retrieval;precision.;recall}, 
doi={10.1109/TSE.2006.3}, 
ISSN={0098-5589}, 
month={Jan},}

@INPROCEEDINGS{clelandHuang05, 
author={Cleland-Huang, J. and Settimi, R. and Chuan Duan and Xuchang Zou}, 
booktitle={Requirements Engineering, 2005. Proceedings. 13th IEEE International Conference on}, 
title={Utilizing supporting evidence to improve dynamic requirements traceability}, 
year={2005}, 
pages={135-144}, 
keywords={systems analysis;artifacts logical clustering;dynamic requirements traceability;dynamic retrieval;dynamic trace retrieval;hierarchical modeling;probabilistic network;probabilistic retrieval algorithm;semiautomated pruning;supporting information;traceability matrices;Clustering algorithms;Counting circuits;Engineering management;Failure analysis;Information retrieval;Maintenance engineering;Performance analysis;Programming;Silver;Software engineering}, 
doi={10.1109/RE.2005.78}, 
month={Aug},}

@article{antoniol02,
 author = {Antoniol, Giuliano and Canfora, Gerardo and Casazza, Gerardo and De Lucia, Andrea and Merlo, Ettore},
 title = {Recovering Traceability Links Between Code and Documentation},
 journal = {IEEE Trans. Softw. Eng.},
 issue_date = {October 2002},
 volume = {28},
 number = {10},
 month = oct,
 year = {2002},
 issn = {0098-5589},
 pages = {970--983},
 numpages = {14},
 url = {http://dx.doi.org/10.1109/TSE.2002.1041053},
 doi = {10.1109/TSE.2002.1041053},
 acmid = {631291},
 publisher = {IEEE Press},
 address = {Piscataway, NJ, USA},
 keywords = {Redocumentation, traceability, program comprehension, object orientation, information retrieval.},
} 

@inproceedings{LSI00,
 title = {Using Latent Semantic Analysis to Identify Similarities in Source Code to Support Program Understanding},
 booktitle = {Proceedings of the 12th IEEE International Conference on Tools with Artificial Intelligence},
 series = {ICTAI '00},
 year = {2000},
 pages = {46--},
 url = {http://dl.acm.org/citation.cfm?id=876889.880369},
 acmid = {880369},
 publisher = {IEEE Computer Society},
 address = {Washington, DC, USA},
 keywords = {LSA, Mosaic, computational linguistics, corpus based statistical method, information retrieval, information retrieval method, internal documentation, latent semantic analysis, natural language, natural languages, nontrivial software system, program understanding, reverse engineering, software component clustering, software components, source code, source code similarities, statistical analysis, system documentation},
key = {{$\!\!$}} ,
} 

@INPROCEEDINGS{gotel94, 
author={Gotel, O.C.Z. and Finkelstein, A.C.W.}, 
booktitle={Requirements Engineering, 1994., Proceedings of the First International Conference on}, 
title={An analysis of the requirements traceability problem}, 
year={1994}, 
pages={94-101}, 
keywords={systems analysis;post-requirements specification traceability;pre-requirements specification traceability;requirements engineering practice;requirements traceability problem analysis;requirements traceability tools;Educational institutions;Guidelines;Project management;Research and development}, 
doi={10.1109/ICRE.1994.292398}, 
month={Apr},}